

@misc{farmbotDocs,
  title={FarmBot Genesis Documentation},
  howpublished={\url{https://genesis.farm.bot/}},
  note={Accessed: 2024-05-01}
}

@book{farmbotBook,
  title={FarmBot: Open-Source Precision Farming},
  author={Hill, Rory and Smith, Aaron},
  year={2022},
  publisher={Springer}
}

@misc{ieee29148,
  title={ISO/IEC/IEEE 29148: Systems and software engineering -- Life cycle processes -- Requirements engineering},
  year={2018},
  howpublished={\url{https://ieeexplore.ieee.org/document/8559686/}}
}