@misc{IEEE29148-2018,
  title        = "{ISO/IEC/IEEE International Standard - Systems and software engineering -- Life cycle processes -- Requirements engineering}",
  year         = "2018",
  howpublished = "ISO/IEC/IEEE 29148:2018(E)",
  volume       = "",
  number       = "",
  pages        = "1-104",
  month        = nov,
  note         = "doi: 10.1109/IEEESTD.2018.8559686"
}

@article{younis2021hybrid,
  title={A hybrid fusion framework to multi-modal biometric identification},
  author={Younis, Mohammed Chachan and Abuhammad, Huthaifa},
  journal={Multimedia Tools and Applications},
  volume={80},
  number={17},
  pages={25799--25822},
  year={2021},
  publisher={Springer}
}

@article{Rasol,
author = {Rasol, Mezgeen and Haider, Saad and Selman, Mudhafer and Jarjees, Ekhlas and Atroshy, Salih},
year = {2015},
month = {09},
pages = {},
title = {Graduation Project Guide (GPG)},
doi = {10.13140/RG.2.2.18262.96327}
}

@misc{farmbot2024intro,
  title        = {Introduction to FarmBot Software Documentation},
  year         = {2024},
  howpublished = {\url{https://software.farm.bot/v15/docs/introx}},
  note         = {Accessed: 2024-03-27},
  organization = {FarmBot}
}

